<?xml version="1.0" encoding="UTF-8"?><record xmlns="http://www.loc.gov/MARC21/slim" xmlns:cinclude="http://apache.org/cocoon/include/1.0" xmlns:zs="http://www.loc.gov/zing/srw/">
  <leader>00704cz  a2200169n  4500</leader>
  <controlfield tag="001">n 2012221786</controlfield>
  <controlfield tag="003">DLC</controlfield>
  <controlfield tag="005">20130328080258.0</controlfield>
  <controlfield tag="008">120809n| azannaabn          |b aaa      </controlfield>
  <datafield tag="010" ind1=" " ind2=" ">
    <subfield code="a">n 2012221786</subfield>
  </datafield>
  <datafield tag="040" ind1=" " ind2=" ">
    <subfield code="a">DLC</subfield>
    <subfield code="b">eng</subfield>
    <subfield code="e">rda</subfield>
    <subfield code="c">DLC</subfield>
    <subfield code="d">DLC</subfield>
  </datafield>
  <datafield tag="046" ind1=" " ind2=" ">
    <subfield code="f">[1963,1964]</subfield>
    <subfield code="2">edtf</subfield>
  </datafield>
  <datafield tag="100" ind1="1" ind2=" ">
    <subfield code="a">Malikʹpūr, ʻAlī,</subfield>
    <subfield code="d">1963 or 1964-</subfield>
  </datafield>
  <datafield tag="400" ind1="1" ind2=" ">
    <subfield code="w">nnea</subfield>
    <subfield code="a">Malikʹpūr, ʻAlī,</subfield>
    <subfield code="d">1963 or 4-</subfield>
  </datafield>
  <datafield tag="400" ind1="1" ind2=" ">
    <subfield code="a">‏ملک‌پور، على,</subfield>
    <subfield code="d">1963 or 1964-</subfield>
  </datafield>
  <datafield tag="667" ind1=" " ind2=" ">
    <subfield code="a">Non-Latin script reference not evaluated.</subfield>
  </datafield>
  <datafield tag="670" ind1=" " ind2=" ">
    <subfield code="a">Shahr va takāpū-yi kārʹāfarīnī,  2011 or 2012:</subfield>
    <subfield code="b">t.p. (دکتر على ملک‌پور = Duktur ʻAlī Malikʹpūr) t.p. verso (Iranian CIP data: Malikʹpūr, ʻAlī; b. 1342 [1963 or 1964])</subfield>
  </datafield>
</record>